# Private bibliography

@misc{bdtojpsieeks:ramon,
  author        = "Niet, Ramon",
  howpublished  = "Personal communication",
  date          = "03-08-2015",
}
